%% This BibTeX bibliography file was created using BibDesk.
%% http://bibdesk.sourceforge.net/

%% Created for Alexandre CORNET at 2017-08-22 14:47:16 +0100 


%% Saved with string encoding Unicode (UTF-8) 



@inproceedings{Ding:2013:CMI:2465529.2466586,
	Acmid = {2466586},
	Address = {New York, NY, USA},
	Author = {Ding, Ning and Wagner, Daniel and Chen, Xiaomeng and Pathak, Abhinav and Hu, Y. Charlie and Rice, Andrew},
	Booktitle = {Proceedings of the ACM SIGMETRICS/International Conference on Measurement and Modeling of Computer Systems},
	Date-Added = {2017-08-22 13:45:43 +0000},
	Date-Modified = {2017-08-22 13:45:43 +0000},
	Doi = {10.1145/2465529.2466586},
	Isbn = {978-1-4503-1900-3},
	Keywords = {battery drain, energy, power model, signal strength, smartphone},
	Location = {Pittsburgh, PA, USA},
	Numpages = {12},
	Pages = {29--40},
	Publisher = {ACM},
	Series = {SIGMETRICS '13},
	Title = {Characterizing and Modeling the Impact of Wireless Signal Strength on Smartphone Battery Drain},
	Url = {http://doi.acm.org/10.1145/2465529.2466586},
	Year = {2013},
	Bdsk-Url-1 = {http://doi.acm.org/10.1145/2465529.2466586},
	Bdsk-Url-2 = {http://dx.doi.org/10.1145/2465529.2466586}}

@misc{netxtqtaguid,
	key={NETXTQTAGUID},
	Annote = {Accessed: 28/05/2017: 28/05/2017},
	Date-Added = {2017-06-06 17:39:38 +0000},
	Date-Modified = {2017-06-06 17:48:21 +0000},
	Howpublished = {\url{https://stackoverflow.com/questions/31455533/how-does-android-tracks-data-usage-per-application}},
	Note = {Accessed: 28/05/2017},
	Title = {Stackoverlow - How does Android tracks data usage per application?}}

@misc{ddmstrafic,
	key={DDMSTRAFFIC},
	Annote = {Accessed: 28/05/2017: 28/05/2017},
	Date-Added = {2017-06-06 17:36:26 +0000},
	Date-Modified = {2017-06-06 17:36:52 +0000},
	Howpublished = {\url{https://developer.android.com/studio/profile/ddms.html#network}},
	Note = {Accessed: 28/05/2017},
	Title = {DDMS Network traffic tool}}

@misc{netstats,
	Annote = {Accessed: 28/05/2017: 28/05/2017},
	Date-Added = {2017-06-06 17:34:00 +0000},
	Date-Modified = {2017-06-06 17:34:54 +0000},
	Howpublished = {\url{https://source.android.com/devices/tech/debug/netstats}},
	Note = {Accessed: 28/05/2017},
	Title = {\dumpsys{} \netstats{} - Viewing Network Usage Data}}

@misc{efficient-downloads,
	key={EFFICIENT-DOWNLOADS},
	Annote = {Accessed: 28/05/2017: 28/05/2017},
	Date-Added = {2017-06-06 15:56:07 +0000},
	Date-Modified = {2017-06-06 15:56:33 +0000},
	Howpublished = {\url{https://developer.android.com/training/efficient-downloads/efficient-network-access.html}},
	Note = {Accessed: 28/05/2017},
	Title = {Optimizing Downloads for Efficient Network Access}}

@misc{powerprofileextraction,
	Date-Added = {2017-06-05 11:23:26 +0000},
	Date-Modified = {2017-06-05 11:24:09 +0000},
	Howpublished = {\url{https://android.stackexchange.com/questions/145263/where-are-the-battery-capacity-files-located}},
	Note = {Accessed: 01/05/2017},
	Read = {0},
	Title = {Extracting the power profile}}

@misc{udevrules,
	Date-Added = {2017-06-05 10:48:01 +0000},
	Date-Modified = {2017-06-05 10:48:31 +0000},
	Howpublished = {\url{https://developer.android.com/studio/run/device.html}},
	Note = {Accessed: 01/05/2017},
	Read = {0},
	Title = {Run apps on a hardware device}}

@misc{speedupemu,
	Date-Added = {2017-05-31 15:07:13 +0000},
	Date-Modified = {2017-05-31 15:08:12 +0000},
	Howpublished = {\url{https://software.intel.com/en-us/android/articles/ speeding-up-the-android-emulator-on-intel-architecture}},
	Note = {Accessed: 31/05/2017},
	Read = {0},
	Title = {Speeding up the Android emulator on Intel architecture}}

@misc{hwvirtualisation,
	Date-Added = {2017-05-31 15:04:43 +0000},
	Date-Modified = {2017-05-31 15:06:03 +0000},
	Howpublished = {\url{https://www.techopedia.com/definition/15236/hardware-virtualization}},
	Note = {Accessed: 31/05/2017},
	Read = {0},
	Title = {Hardware Virtualisation: Definition}}

@misc{kvm,
	Date-Added = {2017-05-31 15:04:01 +0000},
	Date-Modified = {2017-05-31 15:04:39 +0000},
	Howpublished = {\url{https://www.linux-kvm.org/page/Main_Page}},
	Note = {Accessed: 31/05/2017},
	Read = {0},
	Title = {Kernel Virtual Machine}}

@inproceedings{petra,
	Author = {Di Nucci, Dario and Palomba, Fabio and Prota, Antonio and Panichella, Annibale and Zaidman, Andy and De Lucia, Andrea},
	Booktitle = {Software Analysis, Evolution and Reengineering (SANER), 2017 IEEE 24th International Conference on},
	Date-Added = {2017-05-30 15:44:34 +0000},
	Date-Modified = {2017-05-30 15:44:54 +0000},
	Organization = {IEEE},
	Pages = {103--114},
	Title = {Software-based energy profiling of android apps: Simple, efficient and reliable?},
	Year = {2017}}

@inproceedings{zhang2010accurate,
	Author = {Zhang, Lide and Tiwana, Birjodh and Dick, Robert P and Qian, Zhiyun and Mao, Z Morley and Wang, Zhaoguang and Yang, Lei},
	Booktitle = {Hardware/Software Codesign and System Synthesis (CODES+ ISSS), 2010 IEEE/ACM/IFIP International Conference on},
	Date-Added = {2017-05-30 14:20:32 +0000},
	Date-Modified = {2017-05-30 14:20:32 +0000},
	Organization = {IEEE},
	Pages = {105--114},
	Title = {Accurate online power estimation and automatic battery behavior based power model generation for smartphones},
	Year = {2010}}

@inproceedings{pathak2011fine,
	Author = {Pathak, Abhinav and Hu, Y Charlie and Zhang, Ming and Bahl, Paramvir and Wang, Yi-Min},
	Booktitle = {Proceedings of the sixth conference on Computer systems},
	Date-Added = {2017-05-30 14:19:28 +0000},
	Date-Modified = {2017-05-30 14:19:28 +0000},
	Organization = {ACM},
	Pages = {153--168},
	Title = {Fine-grained power modeling for smartphones using system call tracing},
	Year = {2011}}

@inproceedings{hindle2014greenminer,
	Author = {Hindle, Abram and Wilson, Alex and Rasmussen, Kent and Barlow, E Jed and Campbell, Joshua Charles and Romansky, Stephen},
	Booktitle = {Proceedings of the 11th Working Conference on Mining Software Repositories},
	Date-Added = {2017-05-30 14:17:02 +0000},
	Date-Modified = {2017-05-30 14:17:02 +0000},
	Organization = {ACM},
	Pages = {12--21},
	Title = {Greenminer: A hardware based mining software repositories software energy consumption framework},
	Year = {2014}}

@inproceedings{flinn1999powerscope,
	Author = {Flinn, Jason and Satyanarayanan, Mahadev},
	Booktitle = {Mobile Computing Systems and Applications, 1999. Proceedings. WMCSA'99. Second IEEE Workshop on},
	Date-Added = {2017-05-30 14:14:36 +0000},
	Date-Modified = {2017-05-30 14:14:36 +0000},
	Organization = {IEEE},
	Pages = {2--10},
	Title = {Powerscope: A tool for profiling the energy usage of mobile applications},
	Year = {1999}}

@article{sahin2016does,
	Author = {Sahin, Cagri and Wan, Mian and Tornquist, Philip and McKenna, Ryan and Pearson, Zachary and Halfond, William GJ and Clause, James},
	Date-Added = {2017-05-29 15:38:36 +0000},
	Date-Modified = {2017-05-29 15:38:36 +0000},
	Journal = {Journal of Software: Evolution and Process},
	Publisher = {Wiley Online Library},
	Title = {How does code obfuscation impact energy usage?},
	Year = {2016}}

@inproceedings{noureddine2015optimising,
	Author = {Noureddine, Adel and Rajan, Ajitha},
	Booktitle = {Proceedings of the 37th International Conference on Software Engineering-Volume 2},
	Date-Added = {2017-05-29 15:34:02 +0000},
	Date-Modified = {2017-05-29 15:34:02 +0000},
	Organization = {IEEE Press},
	Pages = {623--626},
	Title = {Optimising energy consumption of design patterns},
	Year = {2015}}

@inproceedings{sahin2012initial,
	Author = {Sahin, Cagri and Cayci, Furkan and Guti{\'e}rrez, Irene Lizeth Manotas and Clause, James and Kiamilev, Fouad and Pollock, Lori and Winbladh, Kristina},
	Booktitle = {Green and Sustainable Software (GREENS), 2012 First International Workshop on},
	Date-Added = {2017-05-29 15:33:30 +0000},
	Date-Modified = {2017-05-29 15:33:30 +0000},
	Organization = {IEEE},
	Pages = {55--61},
	Title = {Initial explorations on design pattern energy usage},
	Year = {2012}}

@misc{smali,
	key={SMALI},
	Date-Added = {2017-05-29 12:21:23 +0000},
	Date-Modified = {2017-05-29 12:21:46 +0000},
	Howpublished = {\url{https://github.com/JesusFreke/smali/wiki}},
	Note = {Accessed: 01/05/2017},
	Read = {0},
	Title = {Smali File Format}}

@misc{apktool,
	key={APKTOOL},
	Date-Added = {2017-05-29 12:20:28 +0000},
	Date-Modified = {2017-05-29 12:20:51 +0000},
	Howpublished = {\url{https://ibotpeaches.github.io/Apktool}},
	Note = {Accessed: 01/05/2017},
	Read = {0},
	Title = {Apktool}}

@misc{bridge,
	key={ADB},
	Date-Added = {2017-05-29 11:51:36 +0000},
	Date-Modified = {2017-05-29 11:52:09 +0000},
	Howpublished = {\url{https://developer.android.com/studio/command-line/adb.html}},
	Note = {Accessed: 01/05/2017},
	Read = {0},
	Title = {Android Debug Bridge}}

@misc{aapt,
	Date-Added = {2017-05-29 11:22:49 +0000},
	Date-Modified = {2017-05-29 11:24:38 +0000},
	Howpublished = {\url{http://elinux.org/Android_aapt}},
	Note = {Accessed: 01/05/2017},
	Read = {0},
	Title = {Android Asset Packaging Tool}}

@misc{sdktools,
	Date-Added = {2017-05-29 11:21:41 +0000},
	Date-Modified = {2017-05-29 11:22:09 +0000},
	Howpublished = {\url{https://developer.android.com/studio/command-line/index.html}},
	Note = {Accessed: 01/05/2017},
	Read = {0},
	Title = {SDK Command Line Tools}}

@misc{dumpsys,
	key={DUMPSYS},
	Date-Added = {2017-05-29 11:18:22 +0000},
	Date-Modified = {2017-06-06 12:51:58 +0000},
	Howpublished = {\url{https://source.android.com/devices/tech/debug/dumpsys}},
	Note = {Accessed: 01/05/2017},
	Read = {0},
	Title = {\dumpsys System Diagnostics}}

@misc{logcat,
	key={LOGCAT},
	Date-Added = {2017-05-29 11:18:04 +0000},
	Date-Modified = {2017-06-06 12:57:04 +0000},
	Howpublished = {\url{https://developer.android.com/studio/command-line/logcat.html}},
	Note = {Accessed: 01/05/2017},
	Read = {0},
	Title = {\logcat - Command-line tool dumping a log of system messages}}

@misc{monkeyrunner,
	Date-Added = {2017-05-29 11:17:28 +0000},
	Date-Modified = {2017-06-06 12:58:45 +0000},
	Howpublished = {\url{https://developer.android.com/studio/test/monkeyrunner/index.html}},
	Note = {Accessed: 01/05/2017},
	Read = {0},
	Title = {\monkeyrunner - an API for controling a device from outside of the Android code}}

@misc{avd,
	Date-Added = {2017-05-29 11:16:41 +0000},
	Date-Modified = {2017-05-29 11:17:01 +0000},
	Howpublished = {\url{https://developer.android.com/studio/run/managing-avds.html}},
	Note = {Accessed: 01/05/2017},
	Read = {0},
	Title = {Android Virtual Devices}}

@misc{emulator,
	Date-Added = {2017-05-29 11:15:48 +0000},
	Date-Modified = {2017-05-29 11:16:21 +0000},
	Howpublished = {\url{https://developer.android.com/studio/run/emulator.html}},
	Note = {Accessed: 01/05/2017},
	Read = {0},
	Title = {Android Emulator}}

@misc{sdk,
	Date-Added = {2017-05-29 11:14:43 +0000},
	Date-Modified = {2017-05-29 11:15:43 +0000},
	Howpublished = {\url{https://developer.android.com/studio/index.html}},
	Note = {Accessed: 01/05/2017},
	Read = {0},
	Title = {Android Software Development Kit}}

@misc{apkextension,
	Date-Added = {2017-05-29 08:43:01 +0000},
	Date-Modified = {2017-05-29 08:43:45 +0000},
	Howpublished = {\url{http:// www.file-extensions.org/article/android-apk-file-format-description.}},
	Note = {Accessed: 29/05/2017},
	Read = {0},
	Title = {File-Extensions.org. Google Android APK application package file format description}}

@article{shi2008virtual,
	Author = {Shi, Yunhe and Casey, Kevin and Ertl, M Anton and Gregg, David},
	Date-Added = {2017-05-29 08:04:10 +0000},
	Date-Modified = {2017-05-29 08:04:10 +0000},
	Journal = {ACM Transactions on Architecture and Code Optimization (TACO)},
	Number = {4},
	Pages = {2},
	Publisher = {ACM},
	Title = {Virtual machine showdown: Stack versus registers},
	Volume = {4},
	Year = {2008}}

@misc{applevsandroid,
	Date-Added = {2017-05-29 08:01:32 +0000},
	Date-Modified = {2017-05-29 08:35:30 +0000},
	Howpublished = {\url{https://android.jlelse.eu/apple-vs-android-a-comparative-study-2017-c5799a0a1683}},
	Note = {Accessed: 28/05/2017},
	Title = {Apple vs Android: A comparative study 2017}}

@inproceedings{li2014empirical,
	Author = {Li, Ding and Hao, Shuai and Gui, Jiaping and Halfond, William GJ},
	Booktitle = {Software Maintenance and Evolution (ICSME), 2014 IEEE International Conference on},
	Date-Added = {2017-05-28 14:24:12 +0000},
	Date-Modified = {2017-05-28 14:24:12 +0000},
	Organization = {IEEE},
	Pages = {121--130},
	Title = {An empirical study of the energy consumption of android applications},
	Year = {2014}}

@inproceedings{corral2014can,
	Author = {Corral, Luis and Georgiev, Anton B and Sillitti, Alberto and Succi, Giancarlo},
	Booktitle = {Proceedings of the 3rd International Workshop on Green and Sustainable Software},
	Date-Added = {2017-05-28 13:37:30 +0000},
	Date-Modified = {2017-05-28 13:37:30 +0000},
	Organization = {ACM},
	Pages = {31--37},
	Title = {Can execution time describe accurately the energy consumption of mobile apps? an experiment in android},
	Year = {2014}}

@misc{appbrainstats,
	Annote = {Accessed: 28/05/2017: 28/05/2017},
	Date-Added = {2017-05-27 16:02:43 +0000},
	Date-Modified = {2017-05-29 08:35:18 +0000},
	Howpublished = {\url{https://www.appbrain.com/stats}},
	Note = {Accessed: 28/05/2017},
	Title = {Google Play Statisitics}}

@misc{statistaforecast,
	Author = {Statista},
	Date-Added = {2017-05-27 15:41:14 +0000},
	Date-Modified = {2017-05-29 08:35:50 +0000},
	Howpublished = {\url{http://www.statista.com/ statistics/269025/worldwide-mobile-app-revenue-forecast}},
	Note = {Accessed: 28/05/2017},
	Title = {Worldwide mobile app revenues in 2015, 2015 and 2020}}

@article{croguennec2015recent,
	Author = {Croguennec, Laurence and Palacin, M Rosa},
	Date-Added = {2017-05-27 13:56:32 +0000},
	Date-Modified = {2017-05-27 13:56:32 +0000},
	Journal = {Journal of the American Chemical Society},
	Number = {9},
	Pages = {3140--3156},
	Publisher = {ACS Publications},
	Title = {Recent achievements on inorganic electrode materials for lithium-ion batteries},
	Volume = {137},
	Year = {2015}}

@inproceedings{pathak2012energy,
	Author = {Pathak, Abhinav and Hu, Y Charlie and Zhang, Ming},
	Booktitle = {Proceedings of the 7th ACM european conference on Computer Systems},
	Date-Added = {2017-05-27 13:28:53 +0000},
	Date-Modified = {2017-05-27 13:28:53 +0000},
	Organization = {ACM},
	Pages = {29--42},
	Title = {Where is the energy spent inside my app?: fine grained energy accounting on smartphones with eprof},
	Year = {2012}}

@inproceedings{hao2012estimating,
	Author = {Hao, Shuai and Li, Ding and Halfond, William GJ and Govindan, Ramesh},
	Booktitle = {Green and Sustainable Software (GREENS), 2012 First International Workshop on},
	Date-Added = {2017-05-27 13:27:00 +0000},
	Date-Modified = {2017-05-27 13:27:00 +0000},
	Organization = {IEEE},
	Pages = {1--7},
	Title = {Estimating Android applications' CPU energy usage via bytecode profiling},
	Year = {2012}}

@inproceedings{linares2014mining,
	Author = {Linares-V{\'a}squez, Mario and Bavota, Gabriele and Bernal-C{\'a}rdenas, Carlos and Oliveto, Rocco and Di Penta, Massimiliano and Poshyvanyk, Denys},
	Booktitle = {Proceedings of the 11th Working Conference on Mining Software Repositories},
	Date-Added = {2017-05-27 13:23:34 +0000},
	Date-Modified = {2017-05-27 13:23:34 +0000},
	Organization = {ACM},
	Pages = {2--11},
	Title = {Mining energy-greedy api usage patterns in android apps: an empirical study},
	Year = {2014}}

@inproceedings{li2013calculating,
	Author = {Li, Ding and Hao, Shuai and Halfond, William GJ and Govindan, Ramesh},
	Booktitle = {Proceedings of the 2013 International Symposium on Software Testing and Analysis},
	Date-Added = {2017-05-27 13:23:10 +0000},
	Date-Modified = {2017-05-27 13:23:10 +0000},
	Organization = {ACM},
	Pages = {78--89},
	Title = {Calculating source line level energy information for android applications},
	Year = {2013}}

@inproceedings{li2014investigation,
	Author = {Li, Ding and Halfond, William GJ},
	Booktitle = {Proceedings of the 3rd International Workshop on Green and Sustainable Software},
	Date-Added = {2017-05-27 13:22:41 +0000},
	Date-Modified = {2017-05-27 13:22:41 +0000},
	Organization = {ACM},
	Pages = {46--53},
	Title = {An investigation into energy-saving programming practices for android smartphone app development},
	Year = {2014}}

@conference{westfield2016orka,
	Author = {Benjamin Westfield and Anandha Gopalan},
	Booktitle = {Proceedings of the 5th International Conference on Smart Cities and Green ICT System, SMARTGREENS},
	Date-Added = {2017-05-27 13:17:46 +0000},
	Date-Modified = {2017-05-27 13:53:33 +0000},
	Doi = {10.5220/0005812202130224},
	Isbn = {978-989-758-184-7},
	Organization = {INSTICC},
	Pages = {213-224},
	Publisher = {ScitePress},
	Title = {Orka: A New Technique to Profile the Energy Usage of Android Applications},
	Year = {2016},
	Bdsk-Url-1 = {http://dx.doi.org/10.5220/0005812202130224}}

@inproceedings{bunse2009choosing,
	Author = {Bunse, Christian and H{\"o}pfner, Hagen and Roychoudhury, Suman and Mansour, Essam},
	Booktitle = {ICSOFT (2)},
	Date-Added = {2017-05-27 13:14:35 +0000},
	Date-Modified = {2017-06-06 12:49:28 +0000},
	Pages = {199--206},
	Title = {Choosing the ``Best'' Sorting Algorithm for Optimal Energy Consumption.},
	Year = {2009}}

@inproceedings{wilke2013energy,
	Author = {Wilke, Claas and Richly, Sebastian and Gotz, Sebastian and Piechnick, Christian and A{\ss}mann, Uwe},
	Booktitle = {Green Computing and Communications (GreenCom), 2013 IEEE and Internet of Things (iThings/CPSCom), IEEE International Conference on and IEEE Cyber, Physical and Social Computing},
	Date-Added = {2017-05-27 13:12:01 +0000},
	Date-Modified = {2017-05-27 13:12:01 +0000},
	Organization = {IEEE},
	Pages = {134--141},
	Title = {Energy consumption and efficiency in mobile applications: A user feedback study},
	Year = {2013}}

@inproceedings{jabbarvand2015ecodroid,
	Author = {Jabbarvand, Reyhaneh and Sadeghi, Alireza and Garcia, Joshua and Malek, Sam and Ammann, Paul},
	Booktitle = {Proceedings of the Fourth International Workshop on Green and Sustainable Software},
	Date-Added = {2017-05-27 13:11:00 +0000},
	Date-Modified = {2017-05-27 13:11:00 +0000},
	Organization = {IEEE Press},
	Pages = {8--14},
	Title = {Ecodroid: An approach for energy-based ranking of android apps},
	Year = {2015}}

@article{heikkinen2012energy,
	Author = {Heikkinen, Mikko VJ and Nurminen, Jukka K and Smura, Timo and H{\"a}mm{\"a}inen, Heikki},
	Date-Added = {2017-05-27 13:06:05 +0000},
	Date-Modified = {2017-05-27 16:07:40 +0000},
	Journal = {Telematics and Informatics},
	Number = {4},
	Pages = {387--399},
	Publisher = {Elsevier},
	Title = {Energy efficiency of mobile handsets: Measuring user attitudes and behavior},
	Volume = {29},
	Year = {2012}}
